@book{evans1999introduction,
  title={Introduction to quantitative EEG and neurofeedback},
  author={Evans, James R and Abarbanel, Andrew},
  year={1999},
  publisher={Elsevier}
}

@article{egner2002eeg,
  title={EEG signature and phenomenology of alpha/theta neurofeedback training versus mock feedback},
  author={Egner, Tobias and Strawson, Emilie and Gruzelier, John H},
  journal={Applied psychophysiology and biofeedback},
  volume={27},
  number={4},
  pages={261--270},
  year={2002},
  publisher={Springer}
}

%%% Foundations of neurofeedback 


@article{wyrwicka1968instrumental,
  title={Instrumental conditioning of sensorimotor cortex EEG spindles in the waking cat},
  author={Wyrwicka, Wanda and Sterman, Maurice B},
  journal={Physiology \& Behavior},
  volume={3},
  number={5},
  pages={703--707},
  year={1968},
  publisher={Elsevier}
}

@article{sterman1969electrophysiological,
  title={electrophysiological correlates and neural substrates of alimentary behavior in the CAT*},
  author={Sterman, MB and Wyrwicka, W and Roth, S},
  journal={Annals of the New York Academy of Sciences},
  volume={157},
  number={2},
  pages={723--739},
  year={1969},
  publisher={Wiley Online Library}
}


%%% Remediation

% Depression

@article{saxby1995alpha,
  title={Alpha-theta brainwave neurofeedback training: An effective treatment for male and female alcoholics with depressive symptoms},
  author={Saxby, Ellen and Peniston, Eugene G},
  journal={Journal of clinical psychology},
  volume={51},
  number={5},
  pages={685--693},
  year={1995},
  publisher={Wiley Online Library}
}

% Epilepsy

@article{sterman2006foundation,
  title={Foundation and practice of neurofeedback for the treatment of epilepsy},
  author={Sterman, M Barry and Egner, Tobias},
  journal={Applied psychophysiology and biofeedback},
  volume={31},
  number={1},
  pages={21--35},
  year={2006},
  publisher={Springer}
}


% ADHD

@article{lubar1976eeg,
  title={EEG and behavioral changes in a hyperkinetic child concurrent with training of the sensorimotor rhythm (SMR)},
  author={Lubar, Joel F and Shouse, Margaret N},
  journal={Biofeedback and Self-regulation},
  volume={1},
  number={3},
  pages={293--306},
  year={1976},
  publisher={Springer}
}


@article{monastra2006electroencephalographic,
  title={Electroencephalographic biofeedback in the treatment of attention-deficit/hyperactivity disorder},
  author={Monastra, Vincent J and Lynn, Steven and Linden, Michael and Lubar, Joel F and Gruzelier, John and La Vaque, Theodore J},
  journal={Journal of Neurotherapy},
  volume={9},
  number={4},
  pages={5--34},
  year={2006},
  publisher={Taylor \& Francis}
}



@article{lubar1995evaluation,
  title={Evaluation of the effectiveness of EEG neurofeedback training for ADHD in a clinical setting as measured by changes in TOVA scores, behavioral ratings, and WISC-R performance},
  author={Lubar, Joel F and Swartwood, Michie Odle and Swartwood, Jeffery N and O'Donnell, Phyllis H},
  journal={Biofeedback and Self-regulation},
  volume={20},
  number={1},
  pages={83--99},
  year={1995},
  publisher={Springer}
}



@article{gevensleben2009neurofeedback,
  title={Is neurofeedback an efficacious treatment for ADHD? A randomised controlled clinical trial},
  author={Gevensleben, Holger and Holl, Birgit and Albrecht, Bj{\"o}rn and Vogel, Claudia and Schlamp, Dieter and Kratz, Oliver and Studer, Petra and Rothenberger, Aribert and Moll, Gunther H and Heinrich, Hartmut},
  journal={Journal of Child Psychology and Psychiatry},
  volume={50},
  number={7},
  pages={780--789},
  year={2009},
  publisher={Wiley Online Library}
}




% Autism

@article{kouijzer2009neurofeedback,
  title={Neurofeedback improves executive functioning in children with autism spectrum disorders},
  author={Kouijzer, Mirjam EJ and de Moor, Jan MH and Gerrits, Berrie JL and Congedo, Marco and van Schie, Hein T},
  journal={Research in Autism Spectrum Disorders},
  volume={3},
  number={1},
  pages={145--162},
  year={2009},
  publisher={Elsevier}
}

@article{jarusiewicz2002efficacy,
  title={Efficacy of neurofeedback for children in the autistic spectrum: A pilot study},
  author={Jarusiewicz, Betty},
  journal={Journal of Neurotherapy},
  volume={6},
  number={4},
  pages={39--49},
  year={2002},
  publisher={Taylor \& Francis}
}

@article{coben2010neurofeedback,
  title={Neurofeedback for autistic spectrum disorder: a review of the literature},
  author={Coben, Robert and Linden, Michael and Myers, Thomas E},
  journal={Applied psychophysiology and biofeedback},
  volume={35},
  number={1},
  pages={83--105},
  year={2010},
  publisher={Springer}
}

% PTSD

@article{peniston1991alpha,
  title={Alpha-theta brainwave neurofeedback for Vietnam veterans with combat-related post-traumatic stress disorder},
  author={Peniston, Eugene G and Kulkosky, Paul J},
  journal={Medical Psychotherapy},
  volume={4},
  number={1},
  pages={47--60},
  year={1991}
}


%%% Brain Computer Interfaces

@article{martinez2007fully,
  title={Fully online multicommand brain-computer interface with visual neurofeedback using SSVEP paradigm},
  author={Martinez, Pablo and Bakardjian, Hovagim and Cichocki, Andrzej},
  journal={Computational intelligence and neuroscience},
  volume={2007},
  pages={13--13},
  year={2007},
  publisher={Hindawi Publishing Corp.}
}



%%% Cognitive Enhancement

@article{vernon2005can,
  title={Can neurofeedback training enhance performance? An evaluation of the evidence with implications for future research},
  author={Vernon, David J},
  journal={Applied psychophysiology and biofeedback},
  volume={30},
  number={4},
  pages={347--364},
  year={2005},
  publisher={Springer}
}


@article{vernon2003effect,
  title={The effect of training distinct neurofeedback protocols on aspects of cognitive performance},
  author={Vernon, David and Egner, Tobias and Cooper, Nick and Compton, Theresa and Neilands, Claire and Sheri, Amna and Gruzelier, John},
  journal={International journal of psychophysiology},
  volume={47},
  number={1},
  pages={75--85},
  year={2003},
  publisher={Elsevier}
}

@article{hanslmayr2005increasing,
  title={Increasing individual upper alpha power by neurofeedback improves cognitive performance in human subjects},
  author={Hanslmayr, Simon and Sauseng, Paul and Doppelmayr, Michael and Schabus, Manuel and Klimesch, Wolfgang},
  journal={Applied psychophysiology and biofeedback},
  volume={30},
  number={1},
  pages={1--10},
  year={2005},
  publisher={Springer}
}





%% Elderly

@article{angelakis2007eeg,
  title={EEG neurofeedback: a brief overview and an example of peak alpha frequency training for cognitive enhancement in the elderly},
  author={Angelakis, Efthymios and Stathopoulou, Stamatina and Frymiare, Jennifer L and Green, Deborah L and Lubar, Joel F and Kounios, John},
  journal={The Clinical Neuropsychologist},
  volume={21},
  number={1},
  pages={110--129},
  year={2007},
  publisher={Taylor \& Francis},
  abstract = {Neurofeedback (NF) is an electroencephalographic (EEG) biofeedback technique for training individuals to alter their brain activity via operant conditioning. Research has shown that NF helps reduce symptoms of several neurological and psychiatric disorders, with ongoing research currently investigating applications to other disorders and to the enhancement of non-disordered cognition. The present article briefly reviews the fundamentals and current status of NF therapy and research and illustrates the basic approach with an interim report on a pilot study aimed at developing a new NF protocol for improving cognitive function in the elderly. EEG peak alpha frequency (PAF) has been shown to correlate positively with cognitive performance and to correlate negatively with age after childhood. The present pilot study used a double-blind controlled design to investigate whether training older individuals to increase PAF would result in improved cognitive performance. The results suggested that PAF NF improved cognitive processing speed and executive function, but that it had no clear effect on memory. In sum, the results suggest that the PAF NF protocol is a promising technique for improving selected cognitive functions.}  
}

%% Emotions / Mood

@article{raymond2005effects,
  title={The effects of alpha/theta neurofeedback on personality and mood},
  author={Raymond, Joshua and Varney, Carolyn and Parkinson, Lesley A and Gruzelier, John H},
  journal={Cognitive brain research},
  volume={23},
  number={2},
  pages={287--292},
  year={2005},
  publisher={Elsevier}
}

@article{gruzelier2014eeg,
  title={EEG-neurofeedback for optimising performance. I: A review of cognitive and affective outcome in healthy participants},
  author={Gruzelier, John H},
  journal={Neuroscience \& Biobehavioral Reviews},
  volume={44},
  pages={124--141},
  year={2014},
  publisher={Elsevier}
}



%% Music

@article{egner2003ecological,
  title={Ecological validity of neurofeedback: Modulation of slow wave EEG enhances musical performance},
  author={Egner, Tobias and Gruzelier, John H},
  journal={Neuroreport},
  volume={14},
  number={9},
  pages={1221--1224},
  year={2003},
  publisher={LWW}
}

%% Sport

@article{wilson2006mind,
  title={" The Mind Room" in Italian Soccer Training: The Use of Biofeedback and Neurofeedback for Optimum Performance.},
  author={Wilson, Vietta E and Peper, Erik and Moss, Donald},
  journal={Biofeedback},
  volume={34},
  number={3},
  year={2006}
}


%% Meditation.

@article{gruzelier2009theory,
  title={A theory of alpha/theta neurofeedback, creative performance enhancement, long distance functional connectivity and psychological integration},
  author={Gruzelier, John},
  journal={Cognitive processing},
  volume={10},
  number={1},
  pages={101--109},
  year={2009},
  publisher={Springer}
}

@article{rubik2011neurofeedback,
  title={Neurofeedback-enhanced gamma brainwaves from the prefrontal cortical region of meditators and non-meditators and associated subjective experiences},
  author={Rubik, Beverly},
  journal={The Journal of Alternative and Complementary Medicine},
  volume={17},
  number={2},
  pages={109--115},
  year={2011},
  publisher={Mary Ann Liebert, Inc. 140 Huguenot Street, 3rd Floor New Rochelle, NY 10801 USA}
}

@article{brandmeyer2013meditation,
  title={Meditation and neurofeedback},
  author={Brandmeyer, Tracy and Delorme, Arnaud},
  journal={Frontiers in psychology},
  volume={4},
  year={2013},
  publisher={Frontiers Media SA}
}



@article{brewer2014posterior,
  title={The posterior cingulate cortex as a plausible mechanistic target of meditation: findings from neuroimaging},
  author={Brewer, Judson A and Garrison, Kathleen A},
  journal={Annals of the New York Academy of Sciences},
  volume={1307},
  number={1},
  pages={19--27},
  year={2014},
  publisher={Wiley Online Library}
}


%%% Doubts about neurofeedback

@article{beyerstein1990brainscams,
  title={Brainscams: Neuromythologies of the new age},
  author={Beyerstein, Barry L},
  journal={International journal of mental health},
  volume={19},
  number={3},
  pages={27--36},
  year={1990},
  publisher={Taylor \& Francis}
}

@article{vernon2009alpha,
  title={Alpha neurofeedback training for performance enhancement: reviewing the methodology},
  author={Vernon, D and Dempster, T and Bazanova, O and Rutterford, N and Pasqualini, M and Andersen, S},
  journal={Journal of neurotherapy},
  volume={13},
  number={4},
  pages={214--227},
  year={2009},
  publisher={Taylor \& Francis}
}

%%% Large scale 

@article{kaiser2000effect,
  title={Effect of neurofeedback on variables of attention in a large multi-center trial},
  author={Kaiser, David A and Othmer, Siegfried},
  journal={Journal of Neurotherapy},
  volume={4},
  number={1},
  pages={5--15},
  year={2000},
  publisher={Taylor \& Francis}
}


%%% fMRI and Neurofeedback


% fMRI

@article{ogawa1990brain,
  title={Brain magnetic resonance imaging with contrast dependent on blood oxygenation},
  author={Ogawa, Seiji and Lee, Tso-Ming and Kay, Alan R and Tank, David W},
  journal={Proceedings of the National Academy of Sciences},
  volume={87},
  number={24},
  pages={9868--9872},
  year={1990},
  publisher={National Acad Sciences}
}

@article{ogawa1990oxygenation,
  title={Oxygenation-sensitive contrast in magnetic resonance image of rodent brain at high magnetic fields},
  author={Ogawa, Seiji and Lee, Tso-Ming and Nayak, Asha S and Glynn, Paul},
  journal={Magnetic resonance in medicine},
  volume={14},
  number={1},
  pages={68--78},
  year={1990},
  publisher={Wiley Online Library}
}



%rtfMRI

@article{weiskopf2012real,
  title={Real-time fMRI and its application to neurofeedback},
  author={Weiskopf, Nikolaus},
  journal={Neuroimage},
  volume={62},
  number={2},
  pages={682--692},
  year={2012},
  publisher={Elsevier}
}

@article{weiskopf2004self,
  title={Self-regulation of local brain activity using real-time functional magnetic resonance imaging (fMRI)},
  author={Weiskopf, Nikolaus and Scharnowski, Frank and Veit, Ralf and Goebel, Rainer and Birbaumer, Niels and Mathiak, Klaus},
  journal={Journal of Physiology-Paris},
  volume={98},
  number={4},
  pages={357--373},
  year={2004},
  publisher={Elsevier}
}


@article{sulzer2013real,
  title={Real-time fMRI neurofeedback: progress and challenges},
  author={Sulzer, James and Haller, Sven and Scharnowski, Frank and Weiskopf, Nikolaus and Birbaumer, Niels and Blefari, Maria Laura and Bruehl, AB and Cohen, LG and Gassert, R and Goebel, R and others},
  journal={Neuroimage},
  volume={76},
  pages={386--399},
  year={2013},
  publisher={Elsevier}
}


@article{shibata2011perceptual,
  title={Perceptual learning incepted by decoded fMRI neurofeedback without stimulus presentation},
  author={Shibata, Kazuhisa and Watanabe, Takeo and Sasaki, Yuka and Kawato, Mitsuo},
  journal={science},
  volume={334},
  number={6061},
  pages={1413--1415},
  year={2011},
  publisher={American Association for the Advancement of Science}
}





