@article{shapiro1994attention,
  title={Attention to visual pattern information produces the attentional blink in rapid serial visual presentation.},
  author={Shapiro, Kimron L and Raymond, Jane E and Arnell, Karen M},
  journal={Journal of Experimental psychology: Human perception and performance},
  volume={20},
  number={2},
  pages={357},
  year={1994},
  publisher={American Psychological Association}
}

@inproceedings{de2000rapid,
  title={Rapid serial visual presentation: a space-time trade-off in information presentation},
  author={de Bruijn, Oscar and Spence, Robert},
  booktitle={Advanced visual interfaces},
  pages={189--192},
  year={2000}
}


@article{potter1999understanding,
  title={Understanding sentences and scenes: The role of conceptual short-term memory},
  author={Potter, Mary C},
  journal={Fleeting memories: Cognition of brief visual stimuli},
  pages={13--46},
  year={1999}
}


@article{potter1984rapid,
  title={Rapid serial visual presentation (RSVP): A method for studying language processing},
  author={Potter, Mary C},
  journal={New methods in reading comprehension research},
  volume={118},
  pages={91--118},
  year={1984},
  publisher={Hillsdale, NJ: Erlbaum}
}

@article{nieuwenstein2006temporal,
  title={Temporal limits of selection and memory encoding a comparison of whole versus partial report in rapid serial visual presentation},
  author={Nieuwenstein, Mark R and Potter, Mary C},
  journal={Psychological Science},
  volume={17},
  number={6},
  pages={471--475},
  year={2006},
  publisher={SAGE Publications}
}

@article{forster1970visual,
  title={Visual perception of rapidly presented word sequences of varying complexity},
  author={Forster, Kenneth I},
  journal={Perception \& Psychophysics},
  volume={8},
  number={4},
  pages={215--221},
  year={1970},
  publisher={Springer}
}

@article{potter1969recognition,
  title={Recognition memory for a rapid sequence of pictures.},
  author={Potter, Mary C and Levy, Ellen I},
  journal={Journal of experimental psychology},
  volume={81},
  number={1},
  pages={10},
  year={1969},
  publisher={American Psychological Association}
}


@article{fine1995scrolled,
  title={Scrolled and rapid serial visual presentation texts are read at similar rates by the visually impaired},
  author={Fine, Elisabeth M and Peli, Eli},
  journal={JOSA A},
  volume={12},
  number={10},
  pages={2286--2292},
  year={1995},
  publisher={Optical Society of America}
}


@article{potter1975time,
  title={Time to understand pictures and words},
  author={Potter, Mary C and Faulconer, Barbara A},
  journal={Nature},
  volume={253},
  pages={437--438},
  year={1975}
}


@article{potter1993very,
  title={Very short-term conceptual memory},
  author={Potter, Mary C},
  journal={Memory \& Cognition},
  volume={21},
  number={2},
  pages={156--161},
  year={1993},
  publisher={Springer}
}



@misc{slate2014,
title= {Don't Mock Speed-Reading Apps. They Are Life-Changing.},
author = {Jim Pagels},
publisher={Slate.com},
howpublished = "\url{http://www.slate.com/blogs/future_tense/2014/03/03/spritz_spreeder_rsvp_technology_speed_reading_apps_are_amazing.html}",
note = "[last accessed 10-February-2015]",
year = {2014}
}

@article{smith2013effect,
  title={The effect of word predictability on reading time is logarithmic},
  author={Smith, Nathaniel J and Levy, Roger},
  journal={Cognition},
  volume={128},
  number={3},
  pages={302--319},
  year={2013},
  publisher={Elsevier}
}


@article{just1992capacity,
  title={A capacity theory of comprehension: individual differences in working memory.},
  author={Just, Marcel A and Carpenter, Patricia A},
  journal={Psychological review},
  volume={99},
  number={1},
  pages={122},
  year={1992},
  publisher={American Psychological Association}
}


@article{daneman1980individual,
  title={Individual differences in working memory and reading},
  author={Daneman, Meredyth and Carpenter, Patricia A},
  journal={Journal of verbal learning and verbal behavior},
  volume={19},
  number={4},
  pages={450--466},
  year={1980},
  publisher={Elsevier}
}

@article{klimesch1999eeg,
  title={EEG alpha and theta oscillations reflect cognitive and memory performance: a review and analysis},
  author={Klimesch, Wolfgang},
  journal={Brain research reviews},
  volume={29},
  number={2},
  pages={169--195},
  year={1999},
  publisher={Elsevier}
}

@article{klimesch1996memory,
  title={Memory processes, brain oscillations and EEG synchronization},
  author={Klimesch, Wolfgang},
  journal={International Journal of Psychophysiology},
  volume={24},
  number={1},
  pages={61--100},
  year={1996},
  publisher={Elsevier}
}

@article{weiss2000long,
  title={Long-range EEG synchronization during word encoding correlates with successful memory performance},
  author={Weiss, Sabine and Rappelsberger, Peter},
  journal={Cognitive Brain Research},
  volume={9},
  number={3},
  pages={299--312},
  year={2000},
  publisher={Elsevier}
}

@article{khader2011eeg,
  title={EEG power changes reflect distinct mechanisms during long-term memory retrieval},
  author={Khader, Patrick H and R{\"o}sler, Frank},
  journal={Psychophysiology},
  volume={48},
  number={3},
  pages={362--369},
  year={2011},
  publisher={Wiley Online Library}
}

@article{sterman1996spectral,
  title={Spectral analysis of event-related EEG responses during short-term memory performance},
  author={Sterman, M Barry and Kaiser, David A and Veigel, Bettina},
  journal={Brain topography},
  volume={9},
  number={1},
  pages={21--30},
  year={1996},
  publisher={Springer}
}

@article{wagner1998building,
  title={Building memories: remembering and forgetting of verbal experiences as predicted by brain activity},
  author={Wagner, Anthony D and Schacter, Daniel L and Rotte, Michael and Koutstaal, Wilma and Maril, Anat and Dale, Anders M and Rosen, Bruce R and Buckner, Randy L},
  journal={Science},
  volume={281},
  number={5380},
  pages={1188--1191},
  year={1998},
  publisher={American Association for the Advancement of Science}
}

@article{fletcher1998functional,
  title={The functional roles of prefrontal cortex in episodic memory. I. Encoding.},
  author={Fletcher, PC and Shallice, T and Dolan, RJ},
  journal={Brain},
  volume={121},
  number={7},
  pages={1239--1248},
  year={1998},
  publisher={Oxford Univ Press}
}

@article{tulving1994hemispheric,
  title={Hemispheric encoding/retrieval asymmetry in episodic memory: positron emission tomography findings},
  author={Tulving, Endel and Kapur, Shitu and Craik, FI and Moscovitch, Morris and Houle, Sylvain},
  journal={Proceedings of the National Academy of Sciences},
  volume={91},
  number={6},
  pages={2016--2020},
  year={1994},
  publisher={National Acad Sciences}
}

@article{miltner1999coherence,
  title={Coherence of gamma-band EEG activity as a basis for associative learning},
  author={Miltner, Wolfgang HR and Braun, Christoph and Arnold, Matthias and Witte, Herbert and Taub, Edward},
  journal={Nature},
  volume={397},
  number={6718},
  pages={434--436},
  year={1999},
  publisher={Nature Publishing Group}
}


@article{klimesch1990alpha,
  title={Alpha frequency and memory performance.},
  author={Klimesch, Wolfgang and Schimke, H and Ladurner, G and Pfurtscheller, G},
  journal={Journal of Psychophysiology},
  year={1990},
  publisher={Hogrefe \& Huber Publishers}
}

@article{marslen1980temporal,
  title={The temporal structure of spoken language understanding},
  author={Marslen-Wilson, William and Tyler, Lorraine Komisarjevsky},
  journal={Cognition},
  volume={8},
  number={1},
  pages={1--71},
  year={1980},
  publisher={Elsevier}
}

@article{weiss2003contribution,
  title={The contribution of EEG coherence to the investigation of language},
  author={Weiss, Sabine and Mueller, Horst M},
  journal={Brain and language},
  volume={85},
  number={2},
  pages={325--343},
  year={2003},
  publisher={Elsevier}
}

@article{kutas1987event,
  title={Event-related brain potentials (ERPs) elicited during rapid serial visual presentation of congruous and incongruous sentences},
  author={Kutas, Marta},
  journal={Current trends in event-related potential research (EEG Suppl. 40)},
  pages={406--411},
  year={1987}
}

@article{camblin2007processing,
  title={Processing new and repeated names: Effects of coreference on repetition priming with speech and fast RSVP},
  author={Camblin, C Christine and Ledoux, Kerry and Boudewyn, Megan and Gordon, Peter C and Swaab, Tamara Y},
  journal={Brain Research},
  volume={1146},
  pages={172--184},
  year={2007},
  publisher={Elsevier}
}




@article{weiss2005increased,
  title={Increased neuronal communication accompanying sentence comprehension},
  author={Weiss, Sabine and Mueller, Horst M and Schack, Baerbel and King, Jonathan W and Kutas, Martha and Rappelsberger, Peter},
  journal={International Journal of Psychophysiology},
  volume={57},
  number={2},
  pages={129--141},
  year={2005},
  publisher={Elsevier}
}

@article{kujala2007phase,
  title={Phase coupling in a cerebro-cerebellar network at 8--13 Hz during reading},
  author={Kujala, Jan and Pammer, Kristen and Cornelissen, Piers and Roebroeck, Alard and Formisano, Elia and Salmelin, Riitta},
  journal={Cerebral Cortex},
  volume={17},
  number={6},
  pages={1476--1485},
  year={2007},
  publisher={Oxford Univ Press}
}











