@article{hansen2001competing,
  title={Competing for attention in knowledge markets: Electronic document dissemination in a management consulting company},
  author={Hansen, Morten T and Haas, Martine R},
  journal={Administrative Science Quarterly},
  volume={46},
  number={1},
  pages={1--28},
  year={2001},
  publisher={SAGE Publications}
}


@misc{slate2014,
title= {Don't Mock Speed-Reading Apps. They Are Life-Changing.},
author = {Jim Pagels},
publisher={Slate.com},
howpublished = "\url{http://www.slate.com/blogs/future_tense/2014/03/03/spritz_spreeder_rsvp_technology_speed_reading_apps_are_amazing.html}",
note = "[last accessed 10-February-2015]",
year = {2014}
}



@article{carver1992reading,
  title={Reading rate: Theory, research, and practical implications},
  author={Carver, Ronald P},
  journal={Journal of Reading},
  volume={36},
  number={2},
  pages={84--95},
  year={1992},
  publisher={JSTOR}
}


%% Multitasking / Strategy Application Disorder

@article{wallis2006multitasking,
  title={The multitasking generation},
  author={Wallis, Claudia},
  journal={Time Magazine},
  volume={167},
  number={13},
  pages={48--55},
  year={2006}
}


@article{foehr2006media,
  title={Media multitasking among American youth: Prevalence, predictors and pairings.},
  author={Foehr, Ulla G},
  journal={Henry J. Kaiser Family Foundation},
  year={2006},
  publisher={ERIC}
}

@misc{roberts2005generation,
  title={Generation M: Media in the lives of 8--18 year-olds (Report). The Henry J. Kaiser Family Foundation. Retrieved May 12th, 2012},
  author={Roberts, DF and Foehr, UJ},
  year={2005}
}

@article{hembrooke2003laptop,
  title={The laptop and the lecture: The effects of multitasking in learning environments},
  author={Hembrooke, Helene and Gay, Geri},
  journal={Journal of computing in higher education},
  volume={15},
  number={1},
  pages={46--64},
  year={2003},
  publisher={Springer}
}

@article{ophir2009cognitive,
  title={Cognitive control in media multitaskers},
  author={Ophir, Eyal and Nass, Clifford and Wagner, Anthony D},
  journal={Proceedings of the National Academy of Sciences},
  volume={106},
  number={37},
  pages={15583--15587},
  year={2009},
  publisher={National Acad Sciences}
}



@article{watson2010supertaskers,
  title={Supertaskers: Profiles in extraordinary multitasking ability},
  author={Watson, Jason M and Strayer, David L},
  journal={Psychonomic bulletin \& review},
  volume={17},
  number={4},
  pages={479--485},
  year={2010},
  publisher={Springer}
}

@article{burgess2000strategy,
  title={Strategy application disorder: the role of the frontal lobes in human multitasking},
  author={Burgess, Paul W},
  journal={Psychological research},
  volume={63},
  number={3-4},
  pages={279--288},
  year={2000},
  publisher={Springer}
}



%% 

@misc{harris2016,
title= {How Technology Hijacks People’s Minds?—?from a Magician and Google’s Design Ethicist.},
author = {Tristan Harris},
publisher={medium.com},
howpublished = "\url{http://bit.ly/29GANWf}",
note = "[last accessed 13-July-2016]",
year = {2016}
}


%%

@book{frank1994evelyn,
  title={The Evelyn Wood seven-day speed reading and learning program},
  author={Frank, Stanley D},
  year={1994},
  publisher={Cambridge University Press}
}

%% RVSP


@article{benschop1998tachistoscope,
  title={What is a tachistoscope? Historical explorations of an instrument},
  author={Benschop, Ruth},
  journal={Science in Context},
  volume={11},
  number={01},
  pages={23--50},
  year={1998},
  publisher={Cambridge Univ Press}
}

@article{godnig2003tachistoscope,
  title={The tachistoscope: Its history and uses},
  author={Godnig, Edward C},
  journal={Journal of Behavioral Optometry},
  volume={14},
  number={2},
  pages={39--42},
  year={2003}
}


@article{brown1958teaching,
  title={Teaching Reading with the Tachistoscope},
  author={Brown, James I},
  journal={Journal of Developmental Reading},
  volume={1},
  number={2},
  pages={8--18},
  year={1958},
  publisher={JSTOR}
}

%%% RSVP and impaired

@article{fine1995scrolled,
  title={Scrolled and rapid serial visual presentation texts are read at similar rates by the visually impaired},
  author={Fine, Elisabeth M and Peli, Eli},
  journal={JOSA A},
  volume={12},
  number={10},
  pages={2286--2292},
  year={1995},
  publisher={Optical Society of America}
}

@article{chen1986effects,
  title={Effects of reading span and textual coherence on rapid-sequential reading},
  author={Chen, Hsuan-Chih},
  journal={Memory \& cognition},
  volume={14},
  number={3},
  pages={202--208},
  year={1986},
  publisher={Springer}
}



%%% BCI


@article{vidal1973toward,
  title={Toward direct brain-computer communication},
  author={Vidal, Jacques J},
  journal={Annual review of Biophysics and Bioengineering},
  volume={2},
  number={1},
  pages={157--180},
  year={1973},
  publisher={Annual Reviews 4139 El Camino Way, PO Box 10139, Palo Alto, CA 94303-0139, USA}
}


%%% Neurofeedback

@article{heinrich2007annotation,
  title={Annotation: Neurofeedback--train your brain to train behaviour},
  author={Heinrich, Hartmut and Gevensleben, Holger and Strehl, Ute},
  journal={Journal of Child Psychology and Psychiatry},
  volume={48},
  number={1},
  pages={3--16},
  year={2007},
  publisher={Wiley Online Library}
}


%%% EEG imaging

@article{michel2004eeg,
  title={EEG source imaging},
  author={Michel, Christoph M and Murray, Micah M and Lantz, G{\"o}ran and Gonzalez, Sara and Spinelli, Laurent and de Peralta, Rolando Grave},
  journal={Clinical neurophysiology},
  volume={115},
  number={10},
  pages={2195--2222},
  year={2004},
  publisher={Elsevier}
}


@article{klem1999ten,
  title={The ten-twenty electrode system of the International Federation},
  author={Klem, George H and L{\"u}ders, Hans Otto and Jasper, HH and Elger, C and others},
  journal={Electroencephalogr Clin Neurophysiol},
  volume={52},
  number={3},
  year={1999}
}



